@article{jordan,
    author =       "M.I Jordan, L. Xu",
    title =        "{On Convergence Properties of the EM
Algorithm for Gaussian Mixtures}.
    ",
    journal =      "",
    volume =       "",
    number =       "",
    pages =        "",
    year =         "1995",
    DOI =          "",
    keywords =     ""
}

@article{wu,
    author =       "C. Wu",
    title =        "{ On the convergence properties of the EM algorithm}.
    ",
    journal =      "Ann. Statist",
    volume =       "11",
    number =       "",
    pages =        "",
    year =         "1983",
    DOI =          "",
    keywords =     ""
}

@book{fisher1925Theory,
  title={Theory of statistical estimation},
  author={Fisher, Ronald Aylmer},
  booktitle={Mathematical Proceedings of the Cambridge Philosophical Society},
  volume={22},
  number={5},
  pages={700--725},
  year={1925},
  organization={Cambridge University Press}
}

@article{lange,
    author =       "K. Lange",
    title =        "{ A gradient algorithm locally equivalent to the EM algorithm}.
    ",
    journal =      "J. Roy. Statist. Soc. Ser.",
    volume =       "75",
    number =       "",
    pages =        "",
    year =         "1995",
    DOI =          "",
    keywords =     ""
}



@article{brocker,
    author =       "T. Brocker",
    title =        "{  Differentiable Germs and Catastrophes}.
    ",
    journal =      "Cambridge Univ. Press",
    volume =       "",
    number =       "",
    pages =        "",
    year =         "1975",
    DOI =          "",
    keywords =     ""
}

@article{levine2001Implementations,
  title={Implementations of the Monte Carlo EM algorithm},
  author={Levine, Richard A and Casella, George},
  journal={Journal of Computational and Graphical Statistics},
  volume={10},
  number={3},
  pages={422--439},
  year={2001},
  publisher={Taylor \& Francis}
}

@article{metropolis,
    author =       "N. Metropolis, A.W. Rosenbluth, M.N Rosenbluth",
    title =        "{Equations of state calculations by fast computing machine}.
    ",
    journal =      "",
    volume =       "",
    number =       "",
    pages =        "",
    year =         "1953",
    DOI =          "",
    keywords =     ""
}

@book {McLachlanEMalgorithm2008,
    AUTHOR = {McLachlan, Geoffrey J. and Krishnan, Thriyambakam},
     TITLE = {The {EM} algorithm and extensions},
    SERIES = {Wiley Series in Probability and Statistics},
   EDITION = {Second},
 PUBLISHER = {Wiley-Interscience [John Wiley \& Sons], Hoboken, NJ},
      YEAR = {2008},
     PAGES = {xxviii+359},
      ISBN = {978-0-471-20170-0},
   MRCLASS = {62-02 (62F10 62H17 62H30 65C05)},
  MRNUMBER = {2392878},
       DOI = {10.1002/9780470191613},
       URL = {https://doi.org/10.1002/9780470191613},
}

@article{atchade,
  title={On perturbed proximal gradient algorithms},
  author={Atchad{\'e}, Yves F and Fort, Gersende and Moulines, Eric},
  journal={J. Mach. Learn. Res},
  volume={18},
  number={1},
  pages={310--342},
  year={2017}
}

@TECHREPORT{nesterov2007Gradient,
title = {Gradient methods for minimizing composite objective function},
author = {Nesterov, Yurii},
year = {2007},
institution = {Universit√© catholique de Louvain, Center for Operations Research and Econometrics (CORE)},
type = {CORE Discussion Papers},
number = {2007076},
abstract = {In this paper we analyze several new methods for solving optimization problems with the objective function formed as a sum of two convex terms: one is smooth and given by a black-box oracle, and another is general but simple and its structure is known. Despite to the bad properties of the sum, such problems, both in convex and nonconvex cases, can be solved with efficiency typical for the good part of the objective. For convex problems of the above structure, we consider primal and dual variants of the gradient method (converge as O (1/k)), and an accelerated multistep version with convergence rate O (1/k2), where k isthe iteration counter. For all methods, we suggest some efficient "line search" procedures and show that the additional computational work necessary for estimating the unknown problem class parameters can only multiply the complexity of each iteration by a small constant factor. We present also the results of preliminary computational experiments, which confirm the superiority of the accelerated scheme.},
keywords = {local optimization; convex optimization; nonsmooth optimization; complexity theory; black-box model; optimal methods; structural optimization; l1- regularization},
}


@article{mairal2015Incremental,
  author    = {Julien Mairal},
  title     = {Incremental Majorization-Minimization Optimization with Application
               to Large-Scale Machine Learning},
  journal   = {{SIAM} Journal on Optimization},
  volume    = {25},
  number    = {2},
  pages     = {829--855},
  year      = {2015}
}

@article{cappe2009line,
  title={On-line expectation--maximization algorithm for latent data models},
  author={Capp{\'e}, Olivier and Moulines, Eric},
  journal={Journal of the Royal Statistical Society: Series B (Statistical Methodology)},
  volume={71},
  number={3},
  pages={593--613},
  year={2009},
  publisher={Wiley Online Library}
}

@article{fort2,
  title={Online Expectation Maximization based algorithms for inference in hidden Markov models},
  author={Le Corff, Sylvain and Fort, Gersende and others},
  journal={Electronic Journal of Statistics},
  volume={7},
  pages={763--792},
  year={2013},
  publisher={The Institute of Mathematical Statistics and the Bernoulli Society}
}

@incollection{neath2013Convergence,
  title={On convergence properties of the Monte Carlo EM algorithm},
  author={Neath, Ronald C and others},
  booktitle={Advances in Modern Statistical Theory and Applications: A Festschrift in Honor of Morris L. Eaton},
  pages={43--62},
  year={2013},
  publisher={Institute of Mathematical Statistics}
}


@article{diebolt,
    author =       "Celeux and Diebolt",
    title =        "{The SEM Algorithm: a Probabilistic Teacher Algorithm Derived from the EM Algorithm for the Mixture Problem}.
    ",
    journal =      "",
    volume =       "",
    number =       "",
    pages =        "",
    year =         "1985",
    DOI =          "",
    keywords =     ""
}

@article{zangwill,
    author =       "W. I. Zangwill",
    title =        "{Nonlinear Programming: A Unified Approach}.
    ",
    journal =      "",
    volume =       "",
    number =       "",
    pages =        "",
    year =         "1969",
    DOI =          "",
    keywords =     ""
}

@article{wei1990Montecarlo,
author = {Wei, Greg C. G. and Tanner, Martin A.},
journal = {Journal of the American Statistical Association},
keywords = {saem},
number = {411},
pages = {699--704},
publisher = {American Statistical Association},
title = {A {Monte Carlo} Implementation of the {EM} Algorithm and the Poor Man's Data Augmentation Algorithms},
volume = {85},
year = {1990}
}


@article{gunawardana2005convergence,
  author    = {Asela Gunawardana and
               William Byrne},
  title     = {Convergence Theorems for Generalized Alternating Minimization Procedures},
  journal   = {Journal of Machine Learning Research},
  volume    = {6},
  pages     = {2049--2073},
  year      = {2005},
  timestamp = {Wed, 21 Feb 2007 09:15:37 +0100},
  biburl    = {https://dblp.org/rec/bib/journals/jmlr/GunawardanaB05},
  bibsource = {dblp computer science bibliography, https://dblp.org}
}


@article{byrne,
    author =       "A. Gunawardana, W. Byrne",
    title =        "{Comments on "Efficient Training Algorithms for HMM's Using Incremental Estimation"}.
    ",
    journal =      "",
    volume =       "",
    number =       "",
    pages =        "",
    year =         "2000",
    DOI =          "",
    keywords =     ""
}

@article{byrne2,
    author =       "Charles L. Byrne",
    title =        "{Accelerating The EMML Algorithm
and Related Iterative Algorithms by
Rescaled Block-Iterative Methods}.
    ",
    journal =      "IEEE Trans. Imag. Proc.",
    volume =       "7",
    number =       "",
    pages =        "",
    year =         "1998",
    DOI =          "",
    keywords =     ""
}

@article{csiszar,
    author =       "I. Csiszar, G. Tusnady",
    title =        "{Information Geometry and Alternating Minimization Procedures}.
    ",
    journal =      "",
    volume =       "",
    number =       "",
    pages =        "",
    year =         "1983",
    DOI =          "",
    keywords =     ""
}

@article{csiszar2,
    author =       "I. Csiszar",
    title =        "{I-divergence geometry of probability distributions and minimization problems}.
    ",
    journal =      "",
    volume =       "",
    number =       "",
    pages =        "",
    year =         "1975",
    DOI =          "",
    keywords =     ""
}

@article{tibshirani,
    author =       "T. Hastie, R. Tibshirani and J. Friedman",
    title =        "{The Elements of Statistical Learning}.
    ",
    journal =      "",
    volume =       "",
    number =       "",
    pages =        "",
    year =         "2001",
    DOI =          "",
    keywords =     ""
}

@article{ThiessonAccelerating2001,
Author = {Thiesson, B and Meek, C and Heckerman, D},
Title = {{Accelerating EM for large databases}},
Journal = {{Machine Learning}},
Year = {{2001}},
Volume = {{45}},
Number = {{3}},
Pages = {{279-299}},
Publisher = {{SPRINGER}},
Address = {{VAN GODEWIJCKSTRAAT 30, 3311 GZ DORDRECHT, NETHERLANDS}},
Type = {{Article}},
Language = {{English}},
Affiliation = {{Thiesson, B (Reprint Author), Microsoft Corp, Res, 1 Microsoft Way, Redmond, WA 98052 USA.
   Microsoft Corp, Res, Redmond, WA 98052 USA.}},
DOI = {{10.1023/A:1017986506241}},
ISSN = {{0885-6125}},
}

@article{dempster1977Maximum,
  title={Maximum likelihood from incomplete data via the EM algorithm},
  author={Dempster, Arthur P and Laird, Nan M and Rubin, Donald B},
  journal={Journal of the royal statistical society. Series B (methodological)},
  pages={1--38},
  year={1977},
  publisher={JSTOR}
}

@article{robert,
    author =       "Robert E. Kass and Paul W. Vos",
    title =        "{Geometrical Foundations of Asymptotic Inference}. ",
    journal =      "",
    volume =       "",
    number =       "",
    pages =        "",
    year =         "1997",
    DOI =          "",
    keywords =     ""
}

@article{bach,
    author =       "F. Bach",
    title =        "{SAGA: A Fast Incremental Gradient Method With
Support for Non-Strongly Convex Composite
Objectives}.
    ",
    journal =      "",
    volume =       "",
    number =       "",
    pages =        "",
    year =         "2016",
    DOI =          "",
    keywords =     ""
}

@incollection{roux2012Stochastic,
title = {A Stochastic Gradient Method with an Exponential Convergence \_Rate for Finite Training Sets},
author = {Nicolas Le Roux and Schmidt, Mark and Francis R. Bach},
booktitle = {Advances in Neural Information Processing Systems 25},
editor = {F. Pereira and C. J. C. Burges and L. Bottou and K. Q. Weinberger},
pages = {2663--2671},
year = {2012},
publisher = {Curran Associates, Inc.},
}

@article{cappe2011online,
  title={Online EM algorithm for hidden Markov models},
  author={Capp{\'e}, Olivier},
  journal={Journal of Computational and Graphical Statistics},
  volume={20},
  number={3},
  pages={728--749},
  year={2011},
  publisher={Taylor \& Francis}
}


@inproceedings{nealView1998,
Author = {Neal, RM and Hinton, GE},
Editor = {{Jordan, MI}},
Title = {{A view of the EM algorithm that justifies incremental, sparse, and other
   variants}},
Booktitle = {{Learning in Graphical Models}},
Series = {{NATO advanced science institutes series, series D, Behavioral and Social Sciences}},
Year = {{1998}},
Volume = {{89}},
Pages = {{355-368}},
Note = {{NATO Advanced Study Institute on Learning in Graphical Models, Erice,
   Italy, Sep 27-Oct 07, 1996}},
Organization = {{NATO}},
Publisher = {{Springer}},
Address = {{PO BOX 17, 3300 AA Dordrecht, Netherlands}},
Type = {{Proceedings Paper}},
Language = {{English}},
Affiliation = {{Univ Toronto, Dept Stat, Toronto, ON, Canada.}},
ISSN = {{0258-123X}},
ISBN = {{0-7923-5017-0}},
}


@article{kuhn,
    author =       "E.Kuhn, M. Lavielle",
    title =        "{COUPLING A STOCHASTIC APPROXIMATION VERSION OF EM
WITH AN MCMC PROCEDURE}.
    ",
    journal =      "",
    volume =       "",
    number =       "",
    pages =        "",
    year =         "2015",
    DOI =          "",
    keywords =     ""
}

@article{lavielle,
    author =       "B. Delyon, M. Lavielle and E. Moulines",
    title =        "{Convergence of a stochastic approximation version of the EM algorithm}.
    ",
    journal =      "",
    volume =       "",
    number =       "",
    pages =        "",
    year =         "1999",
    DOI =          "",
    keywords =     ""
}

@article{chen,
    author =       "H. Chen, L. Guo and A. Gao",
    title =        "{Convergence and robustness of the Robbins-Monro algorithm truncated at randomly varying bounds}.
    ",
    journal =      "Stochastic Process",
    volume =       "",
    number =       "",
    pages =        "",
    year =         "1988",
    DOI =          "",
    keywords =     ""
}

@article{lavielle2,
    author =       "M. Lavielle",
    title =        "{A stochastic algorithm for parametric and non-parametric
estimation in the case of incomplete data }.
    ",
    journal =      "",
    volume =       "",
    number =       "",
    pages =        "",
    year =         "1993",
    DOI =          "",
    keywords =     ""
}


@article{goodfellow,
    author =       "I.J. Goodfellow, J. Pouget-Abadie",
    title =        "{Generative Adversarial Nets}.
    ",
    journal =      "",
    volume =       "",
    number =       "",
    pages =        "",
    year =         "2015",
    DOI =          "",
    keywords =     ""
}


@article{fort2003Convergence,
  title={Convergence of the Monte Carlo expectation maximization for curved exponential families},
  author={Fort, Gersende and Moulines, Eric and others},
  journal={The Annals of Statistics},
  volume={31},
  number={4},
  pages={1220--1259},
  year={2003},
  publisher={Institute of Mathematical Statistics}
}

@article{doucet,
    author =       "O. Cappe, A. Doucet, M. Lavielle and E. Moulines",
    title =        "{Simulation-based methods for blind maximum likelihood filter identification}.
    ",
    journal =      "Signal Processing",
    volume =       "",
    number =       "",
    pages =        "",
    year =         "1999",
    DOI =          "",
    keywords =     ""
}

@article{chan1995MonteCarlo,
  title={Monte Carlo EM estimation for time series models involving counts},
  author={Chan, KS and Ledolter, Johannes},
  journal={Journal of the American Statistical Association},
  volume={90},
  number={429},
  pages={242--252},
  year={1995},
  publisher={Taylor \& Francis}
}

@article{changlmm,
    author =       "J. Chan and A. Kuk",
    title =        "{Maximum likelihood estimation for probit-linear mixed models with correlated random effects}.
    ",
    journal =      "Biometrics",
    volume =       "",
    number =       "",
    pages =        "",
    year =         "1997",
    DOI =          "",
    keywords =     ""
}


@article{biscarat1994Stochastic,
  title={Almost sure convergence of a class of stochastic algorithms},
  author={Biscarat, Jean Claude},
  journal={Stochastic processes and their applications},
  volume={50},
  number={1},
  pages={83--99},
  year={1994},
  publisher={Elsevier}
}

@article{hogg,
    author =       "R.V. Hogg, J.W. McKean and A.T. Craig",
    title =        "{ Introduction to Mathematical Statistics}.
    ",
    journal =      "",
    volume =       "",
    number =       "",
    pages =        "",
    year =         "2012",
    DOI =          "",
    keywords =     ""
}

Ôªø
@article{ngChoice2003,
Author = {Ng, SK and McLachlan, GJ},
Title = {{On the choice of the number of blocks with the incremental EM algorithm
   for the fitting of normal mixtures}},
Journal = {{Statistics and Computing}},
Year = {{2003}},
Volume = {{13}},
Number = {{1}},
Pages = {{45-55}},
Month = {{FEB}},
DOI = {{10.1023/A:1021987710829}},
ISSN = {{0960-3174}},
ResearcherID-Numbers = {{McLachlan, Geoffrey/A-1491-2008}},
ORCID-Numbers = {{McLachlan, Geoffrey/0000-0002-5921-3145}},
Unique-ID = {{ISI:000180398600005}},
}

@article{ahn,
  title={Globally convergent image reconstruction for emission tomography using relaxed ordered subsets algorithms},
  author={Ahn, Sangtae and Fessler, Jeffrey A},
  journal={IEEE Transactions on Medical Imaging},
  volume={22},
  number={5},
  pages={613--626},
  year={2003},
  publisher={IEEE}
}

@article{erdogan,
  title={Ordered subsets algorithms for transmission tomography},
  author={Erdogan, Hakan and Fessler, Jeffrey A},
  journal={Physics in Medicine \& Biology},
  volume={44},
  number={11},
  pages={2835},
  year={1999},
  publisher={IOP Publishing}
}

@article{hudson,
  title={Accelerated image reconstruction using ordered subsets of projection data},
  author={Hudson, Malcolm H and Larkin, Richard S},
  journal={IEEE transactions on medical imaging},
  volume={13},
  number={4},
  pages={601--609},
  year={1994},
  publisher={IEEE}
}

@article{pierro,
  title={Fast EM-like methods for maximum" a posteriori" estimates in emission tomography},
  author={De Pierro, Alvaro R and Yamagishi, ME Beleza},
  journal={IEEE transactions on medical imaging},
  volume={20},
  number={4},
  pages={280--288},
  year={2001},
  publisher={IEEE}
}

@article{kole,
  title={Evaluation of the ordered subset convex algorithm for cone-beam CT},
  author={Kole, JS and Beekman, Freek J},
  journal={Physics in Medicine \& Biology},
  volume={50},
  number={4},
  pages={613},
  year={2005},
  publisher={IOP Publishing}
}

@article{baey2016nonlinear,
  title={A non linear mixed effects model of plant growth and estimation via stochastic variants of the em algorithm},
  author={Baey, Charlotte and Trevezas, Samis and Courn{\`e}de, Paul-Henry},
  journal={Communications in Statistics-Theory and Methods},
  volume={45},
  number={6},
  pages={1643--1669},
  year={2016},
  publisher={Taylor \& Francis}
}

@article{das2010Inferences,
  title={Inferences for joint modelling of repeated ordinal scores and time to event data},
  author={Chakraborty, Arindom and Das, Kalyan},
  journal={Computational and mathematical methods in medicine},
  volume={11},
  number={3},
  pages={281--295},
  year={2010},
  publisher={Taylor \& Francis}
}

@article{hsiao2006overview,
  title={An overview of fast convergent ordered-subsets reconstruction methods for emission tomography based on the incremental EM algorithm},
  author={Hsiao, Tsung and Khurd, Parmeshwar and Rangarajan, Anand and Gindi, Gene},
  journal={Nuclear Instruments and Methods in Physics Research Section A: Accelerators, Spectrometers, Detectors and Associated Equipment},
  volume={569},
  number={2},
  pages={429--433},
  year={2006},
  publisher={Elsevier}
}

@book{west,
  title={Linear mixed models: a practical guide using statistical software},
  author={West, Brady T and Welch, Kathleen B and Galecki, Andrzej T},
  year={2014},
  publisher={CRC Press}
}

@book{verbeke,
  title={Linear mixed models for longitudinal data},
  author={Verbeke, Geert},
  booktitle={Linear mixed models in practice},
  pages={63--153},
  year={1997},
  publisher={Springer}
}

@article{louis1982Finding,
  title={Finding the observed information matrix when using the EM algorithm},
  author={Louis, Thomas A},
  journal={Journal of the Royal Statistical Society. Series B (Methodological)},
  pages={226--233},
  year={1982},
  publisher={JSTOR}
}

@book{meyn2012Markov,
  title={Markov chains and stochastic stability},
  author={Meyn, Sean P and Tweedie, Richard L},
  year={2012},
  publisher={Springer Science \& Business Media}
}

@article{robbins,
    author =       "H. Robbins and D. Siegmund",
    title =        "{ A convergence theorem for nonnegative almost
supermartingales and some applications}.
    ",
    journal =      "J.S. Rustagi, ed. Optimizing
Methods in Statistics ",
    volume =       "",
    number =       "",
    pages =        "",
    year =         "1971",
    DOI =          "",
    keywords =     ""
}

@inproceedings{rio1995Invariance,
  title={Invariance principles for absolutely regular empirical processes},
  author={Doukhan, Paul and Massart, Pascal and Rio, Emmanuel},
  booktitle={Annales de l'IHP Probabilit{\'e}s et statistiques},
  volume={31},
  number={2},
  pages={393--427},
  year={1995},
  organization={Gauthier-Villars}
}



@book {brooks2011Handbook,
     TITLE = {Handbook of {M}arkov chain {M}onte {C}arlo},
    SERIES = {Chapman \& Hall/CRC Handbooks of Modern Statistical Methods},
    EDITOR = {Brooks, Steve and Gelman, Andrew and Jones, Galin L. and Meng,
              Xiao-Li},
 PUBLISHER = {CRC Press, Boca Raton, FL},
      YEAR = {2011},
     PAGES = {xxvi+592},
      ISBN = {978-1-4200-7941-8},
   MRCLASS = {62-06 (60J22 62F15 65C05)},
  MRNUMBER = {2742422},
}

@inproceedings{xu,
  title={Incremental EM for probabilistic latent semantic analysis on human action recognition},
  author={Xu, Jie and Ye, Getian and Wang, Yang and Herman, Gunawan and Zhang, Bang and Yang, Jun},
  booktitle={Advanced Video and Signal Based Surveillance, 2009. AVSS'09. Sixth IEEE International Conference on},
  pages={55--60},
  year={2009},
  organization={IEEE}
}

@article{ng:energy,
  title={An incremental EM-based learning approach for on-line prediction of hospital resource utilization},
  author={Ng, Shu-Kay and McLachlan, Geoffrey J and Lee, Andy H},
  journal={Artificial Intelligence in Medicine},
  volume={36},
  number={3},
  pages={257--267},
  year={2006},
  publisher={Elsevier}
}

@article{chiang,
    author =       "M. Chiang and D. Poole",
    title =        "{Incremental EM for Latent-Class Relational Models}.
    ",
    journal =      "ILP-MLG-SRL",
    volume =       "",
    number =       "",
    pages =        "",
    year =         "2009",
    DOI =          "",
    keywords =     ""
}

@inproceedings{wang:bayesian,
  title={Applying incremental EM to Bayesian classifiers in the learning of hyperspectral remote sensing data},
  author={Wang, Rosalind X and Brown, Adrian J and Upcroft, Ben},
  booktitle={Information Fusion, 2005 8th International Conference on},
  volume={1},
  pages={8--pp},
  year={2005},
  organization={IEEE}
}

@inproceedings{bietti:online,
  TITLE = {{An online EM algorithm in hidden (semi-)Markov models for audio segmentation and clustering}},
  AUTHOR = {Bietti, Alberto and Bach, Francis and Cont, Arshia},
  BOOKTITLE = {{ICASSP 2015 - 40th IEEE International Conference on Acoustics, Speech and Signal Processing}},
  ADDRESS = {Brisbane, Australia},
  YEAR = {2015},
  MONTH = Apr,
  KEYWORDS = {online learning ; audio segmentation ; hidden Markov models ; EM algorithm},
  PDF = {https://hal.inria.fr/hal-01115826/file/icassp_online_em_hmm.pdf},
  HAL_ID = {hal-01115826},
  HAL_VERSION = {v1},
}


@article{Li,
    author =       "L. Li, J. Ma",
    title =        "{A BYY scale-incremental EM algorithm for Gaussian mixture learning}.
    ",
    journal =      "Applied mathematics and computation",
    volume =       "",
    number =       "",
    pages =        "",
    year =         "2008",
    DOI =          "",
    keywords =     ""
}



@book{robert2005MonteCarlo,
 author = {Robert, Christian P. and Casella, George},
 title = {Monte Carlo Statistical Methods (Springer Texts in Statistics)},
 year = {2005},
 isbn = {0387212396},
 publisher = {Springer-Verlag New York, Inc.},
 address = {Secaucus, NJ, USA},
}


@article{comets2017Parameter,
  title={Parameter estimation in nonlinear mixed effect models using saemix, an R implementation of the SAEM algorithm},
  author={Comets, Emmanuelle and Lavenu, Audrey and Lavielle, Marc},
  journal={Journal of Statistical Software},
  volume={80},
  number={3},
  pages={1--42},
  year={2017}
}


@inproceedings{defazio2014SAGA,
  author    = {Aaron Defazio and
               Francis R. Bach and
               Simon Lacoste{-}Julien},
  editor    = {Zoubin Ghahramani and
               Max Welling and
               Corinna Cortes and
               Neil D. Lawrence and
               Kilian Q. Weinberger},
  title     = {{SAGA:} {A} Fast Incremental Gradient Method With Support for Non-Strongly
               Convex Composite Objectives},
  booktitle = {Advances in Neural Information Processing Systems 27: Annual Conference
               on Neural Information Processing Systems 2014, December 8-13 2014,
               Montreal, Quebec, Canada},
  pages     = {1646--1654},
  year      = {2014},
  timestamp = {Wed, 10 Dec 2014 21:34:12 +0100},
  biburl    = {https://dblp.org/rec/bib/conf/nips/DefazioBL14},
  bibsource = {dblp computer science bibliography, https://dblp.org}
}


@InProceedings{zhu2017high,
  title =    {High-Dimensional Variance-Reduced Stochastic Gradient Expectation-Maximization Algorithm},
  author =   {Rongda Zhu and Lingxiao Wang and Chengxiang Zhai and Quanquan Gu},
  booktitle =    {Proceedings of the 34th International Conference on Machine Learning},
  pages =    {4180--4188},
  year =   {2017},
  editor =   {Doina Precup and Yee Whye Teh},
  volume =   {70},
  series =   {Proceedings of Machine Learning Research},
  address =    {International Convention Centre, Sydney, Australia},
  month =    {06--11 Aug},
  publisher =    {PMLR},
  pdf =    {http://proceedings.mlr.press/v70/zhu17a/zhu17a.pdf},
  abstract =   {We propose a generic stochastic expectation-maximization (EM) algorithm for the estimation of high-dimensional latent variable models. At the core of our algorithm is a novel semi-stochastic variance-reduced gradient designed for the $Q$-function in the EM algorithm. Under a mild condition on the initialization, our algorithm is guaranteed to attain a linear convergence rate to the unknown parameter of the latent variable model, and achieve an optimal statistical rate up to a logarithmic factor for parameter estimation. Compared with existing high-dimensional EM algorithms, our algorithm enjoys a better computational complexity and is therefore more efficient. We apply our generic algorithm to two illustrative latent variable models: Gaussian mixture model and mixture of linear regression, and demonstrate the advantages of our algorithm by both theoretical analysis and numerical experiments. We believe that the proposed semi-stochastic gradient is of independent interest for general nonconvex optimization problems with bivariate structures.}
}

@article{balakrishnan2017Statistical,
author = "Balakrishnan, Sivaraman and Wainwright, Martin J. and Yu, Bin",
doi = "10.1214/16-AOS1435",
fjournal = "The Annals of Statistics",
journal = "Ann. Statist.",
month = "02",
number = "1",
pages = "77--120",
publisher = "The Institute of Mathematical Statistics",
title = "Statistical guarantees for the EM algorithm: From population to sample-based analysis",
volume = "45",
year = "2017"
}

@incollection{wang,
title = {High Dimensional EM Algorithm: Statistical Optimization and Asymptotic Normality},
author = {Wang, Zhaoran and Gu, Quanquan and Ning, Yang and Liu, Han},
booktitle = {Advances in Neural Information Processing Systems 28},
editor = {C. Cortes and N. D. Lawrence and D. D. Lee and M. Sugiyama and R. Garnett},
pages = {2521--2529},
year = {2015},
publisher = {Curran Associates, Inc.},
}

@book{lavielle2014Mixed,
  title={Mixed effects models for the population approach: models, tasks, methods and tools},
  author={Lavielle, Marc},
  year={2014},
  publisher={CRC press}
}

Ôªø
@article{BleiVariational2017,
Author = {Blei, David M. and Kucukelbir, Alp and McAuliffe, Jon D.},
Title = {{Variational Inference: A Review for Statisticians}},
Journal = {{Journal of the American statistical Association}},
Year = {{2017}},
Volume = {{112}},
Number = {{518}},
Pages = {{859-877}},
Month = {{JUN}},
DOI = {{10.1080/01621459.2017.1285773}},
ISSN = {{0162-1459}},
EISSN = {{1537-274X}},
Unique-ID = {{ISI:000411424400032}},
}

@article{VlassisGreedy2002,
Author = {Vlassis, N and Likas, A},
Title = {{A greedy EM algorithm for Gaussian mixture learning}},
Journal = {{Neural Processing Letters}},
Year = {{2002}},
Volume = {{15}},
Number = {{1}},
Pages = {{77-87}},
DOI = {{10.1023/A:1013844811137}},
ISSN = {{1370-4621}},
EISSN = {{1573-773X}},
Unique-ID = {{ISI:000173347900008}},
}

Ôªø
@article{LikasVariational2004,
Author = {Likas, AC and Galatsanos, NP},
Title = {{A variational approach for Bayesian blind image deconvolution}},
Journal = {{IEEE Transactions on signal processing}},
Year = {{2004}},
Volume = {{52}},
Number = {{8}},
Pages = {{2222-2233}},
Month = {{AUG}},
DOI = {{10.1109/TSP.2004.831119}},
ISSN = {{1053-587X}},
Unique-ID = {{ISI:000222760500008}},
}

Ôªø
@article{NgSpeeding2004,
Author = {Ng, SK and McLachlan, GJ},
Title = {{Speeding up the EM algorithm for mixture model-based segmentation of
   magnetic resonance images}},
Journal = {{Pattern Recognition}},
Year = {{2004}},
Volume = {{37}},
Number = {{8}},
Pages = {{1573-1589}},
Month = {{AUG}},
DOI = {{10.1016/j.patcog.2004.02.012}},
ISSN = {{0031-3203}},
ResearcherID-Numbers = {{McLachlan, Geoffrey/A-1491-2008}},
ORCID-Numbers = {{McLachlan, Geoffrey/0000-0002-5921-3145}},
Unique-ID = {{ISI:000222284800001}},
}

@article {csiszarInformation1984,
    AUTHOR = {Csisz\'ar, I. and Tusn\'ady, G.},
     TITLE = {Information geometry and alternating minimization procedures},
      NOTE = {Recent results in estimation theory and related topics},
   JOURNAL = {Statist. Decisions},
  FJOURNAL = {Statistics \& Decisions. International Journal for Statistical
              Theory and Related Fields},
      YEAR = {1984},
    NUMBER = {suppl. 1},
     PAGES = {205--237},
      ISSN = {0721-2631},
   MRCLASS = {60A10 (62B10 94A15)},
  MRNUMBER = {785210},
MRREVIEWER = {A. I. Dale},
}


@article{ablin2018algorithms,
  title={EM algorithms for ICA},
  author={Ablin, Pierre and Gramfort, Alexandre and Cardoso, Jean-Fran{\c{c}}ois and Bach, Francis},
  journal={arXiv preprint arXiv:1805.10054},
  year={2018}
}

@article{rangarajan2003convergence,
  title={Convergence proofs for the COSEM-ML and COSEM-MAP algorithms},
  author={Rangarajan, Anand and Khurd, Parmeshwar and Hsiao, IT and Gindi, Gene and MIPL, Tech Rep},
  journal={Medical Imag. Proc. Lab., State Univ. of New York, Stony Brook, NY, Tech. Rep},
  pages={03--1},
  year={2003}
}

@article{hughes1999mixed,
  title={Mixed effects models with censored data with application to HIV RNA levels},
  author={Hughes, James P},
  journal={Biometrics},
  volume={55},
  number={2},
  pages={625--629},
  year={1999},
  publisher={Wiley Online Library}
}

@article{mcculloch1997maximum,
  title={Maximum likelihood algorithms for generalized linear mixed models},
  author={McCulloch, Charles E},
  journal={Journal of the American statistical Association},
  volume={92},
  number={437},
  pages={162--170},
  year={1997},
  publisher={Taylor \& Francis}
}

@book{little2014statistical,
  title={Statistical analysis with missing data},
  author={Little, Roderick JA and Rubin, Donald B},
  volume={333},
  year={2014},
  publisher={John Wiley \& Sons}
}

@article{wang2014high,
  title={High dimensional expectation-maximization algorithm: Statistical optimization and asymptotic normality},
  author={Wang, Zhaoran and Gu, Quanquan and Ning, Yang and Liu, Han},
  journal={arXiv preprint arXiv:1412.8729},
  year={2014}
}

@article{sherman1999conditions,
  title={Conditions for convergence of Monte Carlo EM sequences with an application to product diffusion modeling},
  author={Sherman, Robert P and Ho, Yu-Yun K and Dalal, Siddhartha R},
  journal={The Econometrics Journal},
  volume={2},
  number={2},
  pages={248--267},
  year={1999},
  publisher={Wiley Online Library}
}

@article{booth2001survey,
  title={A survey of Monte Carlo algorithms for maximizing the likelihood of a two-stage hierarchical model},
  author={Booth, James G and Hobert, James P and Jank, Wolfgang},
  journal={Statistical Modelling},
  volume={1},
  number={4},
  pages={333--349},
  year={2001},
  publisher={Sage Publications Sage CA: Thousand Oaks, CA}
}