%% This BibTeX bibliography file was created using BibDesk.
%% https://bibdesk.sourceforge.io/

%% Created for Wai Hoi To at 2019-05-11 15:38:51 +0800 


%% Saved with string encoding Unicode (UTF-8) 



@inproceedings{li2017dropout,
	Author = {Li, Yingzhen and Gal, Yarin},
	Booktitle = {Proceedings of the 34th International Conference on Machine Learning-Volume 70},
	Date-Added = {2019-05-11 15:38:41 +0800},
	Date-Modified = {2019-05-11 15:38:41 +0800},
	Organization = {JMLR. org},
	Pages = {2052--2061},
	Title = {Dropout inference in bayesian neural networks with alpha-divergences},
	Year = {2017}}

@article{polson2017deep,
	Author = {Polson, Nicholas G and Sokolov, Vadim and others},
	Date-Added = {2019-05-11 15:35:56 +0800},
	Date-Modified = {2019-05-11 15:35:56 +0800},
	Journal = {Bayesian Analysis},
	Number = {4},
	Pages = {1275--1304},
	Publisher = {International Society for Bayesian Analysis},
	Title = {Deep learning: a Bayesian perspective},
	Volume = {12},
	Year = {2017}}

@book{lange2016mm,
	Author = {Lange, Kenneth},
	Date-Added = {2019-04-28 23:49:44 +0800},
	Date-Modified = {2019-04-28 23:49:44 +0800},
	Publisher = {SIAM},
	Title = {MM optimization algorithms},
	Volume = {147},
	Year = {2016}}

@article{razaviyayn2013unified,
	Author = {Razaviyayn, Meisam and Hong, Mingyi and Luo, Zhi-Quan},
	Date-Added = {2019-04-28 23:05:20 +0800},
	Date-Modified = {2019-04-28 23:05:20 +0800},
	Journal = {SIAM Journal on Optimization},
	Number = {2},
	Pages = {1126--1153},
	Publisher = {SIAM},
	Title = {A unified convergence analysis of block successive minimization methods for nonsmooth optimization},
	Volume = {23},
	Year = {2013}}

@article{em:jordan,
	Author = {M.I Jordan, L. Xu},
	Title = {{On Convergence Properties of the EM Algorithm for Gaussian Mixtures}.},
	Year = {1995}}

@article{wu,
	Author = {C. Wu},
	Journal = {Ann. Statist},
	Title = {{ On the convergence properties of the EM algorithm}.},
	Volume = {11},
	Year = {1983}}

@article{fisher,
	Author = {R. A. Fisher},
	Journal = {Mathematical Proceedings of the Cambridge Philosophical Society},
	Title = {{Theory of statistical estimation}.},
	Volume = {22},
	Year = {1925}}

@article{lange,
	Author = {K. Lange},
	Journal = {J. Roy. Statist. Soc. Ser.},
	Title = {{ A gradient algorithm locally equivalent to the EM algorithm}.},
	Volume = {75},
	Year = {1995}}

@article{book:lange,
	Author = {K. Lange},
	Title = {{ MM Optimization Algorithms}.},
	Year = {2016}}

@article{brocker,
	Author = {T. Brocker},
	Journal = {Cambridge Univ. Press},
	Title = {{ Differentiable Germs and Catastrophes}.},
	Year = {1975}}

@article{levine,
	Author = {R. Levine and G. Casella},
	Journal = {Journal of Computational and Graphical Statistics},
	Title = {{ Implementations of the Monte Carlo EM Algorithm}.},
	Volume = {10},
	Year = {2001}}

@article{metropolis,
	Author = {N. Metropolis, A.W. Rosenbluth, M.N Rosenbluth},
	Title = {{Equations of state calculations by fast computing machine}.},
	Year = {1953}}

@article{mclachlan,
	Author = {G. McLachlan and T. Krishnan},
	Title = {{ The EM Algorithm and Extensions}.},
	Year = {2007}}

@article{atchade,
	Author = {Y. Atchade, G. Fort and E. Moulines},
	Title = {{ On Perturbed Proximal Gradient Algorithms}.},
	Year = {2016}}

@techreport{nesterov,
	Author = {Nesterov, Y.},
	Institution = {Universit{\'e} catholique de Louvain, Center for Operations Research and Econometrics (CORE)},
	Keywords = {local optimization; convex optimization; nonsmooth optimization; complexity theory; black-box model; optimal methods; structural optimization; l1- regularization},
	Number = {2007076},
	Title = {Gradient methods for minimizing composite objective function},
	Type = {CORE Discussion Papers},
	Year = {2007}}

@article{mairal,
	Author = {Julien Mairal},
	Journal = {{SIAM} Journal on Optimization},
	Number = {2},
	Pages = {829--855},
	Title = {Incremental Majorization-Minimization Optimization with Application to Large-Scale Machine Learning},
	Volume = {25},
	Year = {2015}}

@article{cappe,
	Author = {O. Cappe and E. Moulines},
	Journal = {J. Roy. Statist. Soc},
	Title = {{Online EM Algorithm for Latent Data Models}.},
	Year = {2009}}

@article{fort2,
	Author = {S. Le Corff and G. Fort},
	Title = {{Online Expectation Maximization based algorithms for inference in hidden Markov models}.},
	Year = {2012}}

@article{neath,
	Author = {R. Neath},
	Title = {{On Convergence Properties of the Monte Carlo EM Algorithm}.},
	Year = {2012}}

@article{diebolt,
	Author = {Celeux and Diebolt},
	Title = {{The SEM Algorithm: a Probabilistic Teacher Algorithm Derived from the EM Algorithm for the Mixture Problem}.},
	Year = {1985}}

@article{zangwill,
	Author = {W. I. Zangwill},
	Title = {{Nonlinear Programming: A Unified Approach}.},
	Year = {1969}}

@article{wei1990mcem,
	Author = {G. Wei and M. Tanner},
	Journal = {J. Amer. Statist. Assoc.},
	Title = {{A Monte-Carlo implementation of the EM algorithm and the poor man's data augmentation algorithms}.},
	Year = {1990}}

@article{gunawardana,
	Author = {A. Gunawardana, W. Byrne},
	Title = {{Convergence theorems for Generalized Alternating Minimization procedures}.},
	Year = {2005}}

@article{byrne,
	Author = {A. Gunawardana, W. Byrne},
	Title = {{Comments on "Efficient Training Algorithms for HMM's Using Incremental Estimation"}.},
	Year = {2000}}

@article{byrne2,
	Author = {Charles L. Byrne},
	Journal = {IEEE Trans. Imag. Proc.},
	Title = {{Accelerating The EMML Algorithm and Related Iterative Algorithms by Rescaled Block-Iterative Methods}.},
	Volume = {7},
	Year = {1998}}

@article{csiszar,
	Author = {I. Csiszar, G. Tusnady},
	Title = {{Information Geometry and Alternating Minimization Procedures}.},
	Year = {1983}}

@article{csiszar2,
	Author = {I. Csiszar},
	Title = {{I-divergence geometry of probability distributions and minimization problems}.},
	Year = {1975}}

@article{tibshirani,
	Author = {T. Hastie, R. Tibshirani and J. Friedman},
	Title = {{The Elements of Statistical Learning}.},
	Year = {2001}}

@article{thiesson,
	Author = {B. Thiesson, C. Meek},
	Title = {{Accelerating EM for Large Databases}.},
	Year = {2001}}

@article{dempster,
	Author = {Dempster, Laird and Rubin},
	Journal = {J. Roy. Statist. Soc. Ser.},
	Title = {{Maximum likelihood from incomplete likelihood data via EM algorithm (with discussion)}.},
	Year = {1977}}

@article{robert,
	Author = {Robert E. Kass and Paul W. Vos},
	Title = {{Geometrical Foundations of Asymptotic Inference}.},
	Year = {1997}}

@inproceedings{bach,
	Author = {Defazio, A. and Bach, F. and Lacoste{-}Julien, S.},
	Booktitle = {{NIPS}},
	Pages = {1646--1654},
	Title = {{SAGA:} {A} Fast Incremental Gradient Method With Support for Non-Strongly Convex Composite Objectives},
	Year = {2014}}

@inproceedings{roux,
	Author = {Le Roux, N. and Schmidt, M.W. and Bach, F.},
	Booktitle = {{NIPS}},
	Pages = {2672--2680},
	Title = {A Stochastic Gradient Method with an Exponential Convergence Rate for Finite Training Sets},
	Year = {2012}}

@article{cappe:online,
	Author = {O. Cappe},
	Title = {{Online EM algorithm for hidden Markov models}.},
	Year = {2009}}

@inproceedings{neal,
	Author = {Neal, R. and Hinton, G.E.},
	Booktitle = {Learning in Graphical Models},
	Pages = {355--368},
	Publisher = {Kluwer Academic Publishers},
	Title = {A View Of The Em Algorithm That Justifies Incremental, Sparse, And Other Variants},
	Year = {1998}}

@article{kuhn,
	Author = {E.Kuhn, M. Lavielle},
	Title = {{COUPLING A STOCHASTIC APPROXIMATION VERSION OF EM WITH AN MCMC PROCEDURE}.},
	Year = {2015}}

@article{lavielle,
	Author = {B. Delyon, M. Lavielle and E. Moulines},
	Title = {{Convergence of a stochastic approximation version of the EM algorithm}.},
	Year = {1999}}

@article{chen,
	Author = {H. Chen, L. Guo and A. Gao},
	Journal = {Stochastic Process},
	Title = {{Convergence and robustness of the Robbins-Monro algorithm truncated at randomly varying bounds}.},
	Year = {1988}}

@article{lavielle2,
	Author = {M. Lavielle},
	Title = {{A stochastic algorithm for parametric and non-parametric estimation in the case of incomplete data }.},
	Year = {1993}}

@article{goodfellow,
	Author = {I.J. Goodfellow, J. Pouget-Abadie},
	Title = {{Generative Adversarial Nets}.},
	Year = {2015}}

@article{gersende,
	Author = {Fort, G. and Moulines, E.},
	Doi = {10.1214/aos/1059655912},
	Fjournal = {The Annals of Statistics},
	Journal = {Ann. Statist.},
	Month = {08},
	Number = {4},
	Pages = {1220--1259},
	Publisher = {The Institute of Mathematical Statistics},
	Title = {Convergence of the Monte Carlo expectation maximization for curved exponential families},
	Volume = {31},
	Year = {2003},
	Bdsk-Url-1 = {https://doi.org/10.1214/aos/1059655912}}

@article{doucet,
	Author = {O. Cappe, A. Doucet, M. Lavielle and E. Moulines},
	Journal = {Signal Processing},
	Title = {{Simulation-based methods for blind maximum likelihood filter identification}.},
	Year = {1999}}

@article{chan,
	Author = {K. Chan and J. Ledolter},
	Journal = {J. Amer. Statist. Asooc.},
	Title = {{Monte Carlo EM estimation for time series models involving count}.},
	Year = {1995}}

@article{changlmm,
	Author = {J. Chan and A. Kuk},
	Journal = {Biometrics},
	Title = {{Maximum likelihood estimation for probit-linear mixed models with correlated random effects}.},
	Year = {1997}}

@article{biscarat,
	Author = {J. Biscarat},
	Journal = {Stochastic Process. Appl.},
	Title = {{Almost sure convergence of a class of stochastic algorithms}.},
	Year = {1994}}

@article{hogg,
	Author = {R.V. Hogg, J.W. McKean and A.T. Craig},
	Title = {{ Introduction to Mathematical Statistics}.},
	Year = {2012}}

@article{ng,
	Author = {S. K. Ng, G. J. McLachlan},
	Journal = {Statistics and Computing},
	Title = {{ On the choice of the number of blocks with the incremental EM algorithm for the fitting of normal mixtures}.},
	Year = {2003}}

@article{ahn,
	Author = {S. Ahn and J. A. Fessler},
	Journal = {IEEE Trans. Med. Imag.},
	Title = {{ Globally convergent image reconstruction for emission tomography using relaxed ordered subsets algorithms}.},
	Volume = {22},
	Year = {2003}}

@article{erdogan,
	Author = {H. Erdogan and J. A. Fessler},
	Journal = {Phys. Med. Biol.},
	Title = {{Ordered subsets algorithms for transmission tomography}.},
	Volume = {44},
	Year = {1999}}

@article{hudson,
	Author = {H. M. Hudson and R. S. Larkin},
	Journal = {IEEE Trans. Med. Imag.},
	Title = {{Accelerated image reconstruction using ordered subsets of projection data}.},
	Volume = {4},
	Year = {1994}}

@article{pierro,
	Author = {A.R. De Pierro and ME. Yamagishi},
	Journal = {IEEE Trans. Med. Imag.},
	Title = {{Fast EM-like methods for maximum" a posteriori" estimates in emission tomography}.},
	Volume = {4},
	Year = {2001}}

@article{kole,
	Author = {J. S. Kole and F. J. Beekman},
	Journal = {Phys. Med. Biol.},
	Title = {{Evaluation of the ordered subset convex algorithm for cone-beam CT}.},
	Volume = {50},
	Year = {2005}}

@article{baey,
	Author = {C. Baey, S. Trevezas and P.H. Cournede},
	Journal = {Comm. Statist. Theory Methods},
	Title = {{A non linear mixed effects model of plant growth and estimation via stochastic variants of the EM algorithm}.},
	Volume = {45},
	Year = {2016}}

@article{das,
	Author = {A. Chakraborty and K. Das},
	Journal = {Comput. Math. Methods Med.},
	Title = {{Inferences for joint modelling of repeated ordinal scores and time to event data}.},
	Volume = {11},
	Year = {2010}}

@article{hsiao,
	Author = {H. Ing-Tsung, R. Anand, G.R. Gene},
	Journal = {Medical Imaging 2002: Image Processing},
	Title = {{Provably convergent OSEM-like reconstruction algorithm for emission tomography}.},
	Year = {2002}}

@article{west,
	Author = {B.T. West, K.B. Welch and A.T. Galecki},
	Journal = {Chapman \& Hall/CRC},
	Title = {{Linear Mixed Models: A Practical Guide Using Statistical Softwar}.},
	Year = {2006}}

@article{verbeke,
	Author = {G. Verbeke and G. Molenberghs},
	Journal = {Springer},
	Title = {{Linear Mixed Models for Lon- gitudinal Data}.},
	Year = {2000}}

@article{louis,
	Author = {T.A. Louis},
	Journal = {JRSS},
	Title = {{Finding the Observed Information Matrix when using the EM algorithm}.},
	Volume = {44},
	Year = {1982}}

@book{meyn,
	Author = {Meyn, S. and Tweedie, R.L.},
	Edition = {Second},
	Isbn = {978-0-521-73182-9},
	Mrclass = {60J05},
	Mrnumber = {2509253},
	Mrreviewer = {M. Iosifescu},
	Note = {With a prologue by Peter W. Glynn},
	Pages = {xxviii+594},
	Publisher = {Cambridge University Press, Cambridge},
	Title = {Markov chains and stochastic stability},
	Year = {2009}}

@article{robbins,
	Author = {H. Robbins and D. Siegmund},
	Journal = {J.S. Rustagi, ed. Optimizing Methods in Statistics},
	Title = {{ A convergence theorem for nonnegative almost supermartingales and some applications}.},
	Year = {1971}}

@article{rio,
	Author = {Doukhan, P. and Massart, P. and Rio, E.},
	Date-Modified = {2019-04-28 23:53:26 +0800},
	Fjournal = {Annales de l'Institut Henri Poincar\'e. Probabilit\'es et Statistiques},
	Issn = {0246-0203},
	Journal = {Ann. Inst. H. Poincar\'e Probab. Statist.},
	Mrclass = {60F17 (62G99)},
	Mrnumber = {1324814},
	Mrreviewer = {Rimas Norvai\v sa},
	Number = {2},
	Pages = {393--427},
	Title = {Invariance principles for absolutely regular empirical processes},
	Volume = {31},
	Year = {1995}}

@book{brooks,
	Editor = {Brooks, S. and Gelman, A. and Jones, G.L. and Meng, X.},
	Isbn = {978-1-4200-7941-8},
	Mrclass = {62-06 (60J22 62F15 65C05)},
	Mrnumber = {2742422},
	Pages = {xxvi+592},
	Publisher = {CRC Press, Boca Raton, FL},
	Series = {Chapman \& Hall/CRC Handbooks of Modern Statistical Methods},
	Title = {Handbook of {M}arkov chain {M}onte {C}arlo},
	Year = {2011}}

@article{xu,
	Author = {J. Xu, G. Ye, Y. Wang, G. Herman, B. Zhang, J. Yang},
	Journal = {Advanced Video and Signal Based Surveillance},
	Title = {{Incremental EM for Probabilistic Latent Semantic Analysis on Human Action Recognition}.},
	Year = {2009}}

@article{ng:energy,
	Author = {S. Ng, G. J. McLachlan, A. H. Lee},
	Journal = {Artificial Intelligence in Medicine},
	Title = {{An incremental EM-based learning approach for on-line prediction of hospital resource utilization}.},
	Year = {2005}}

@article{chiang,
	Author = {M. Chiang and D. Poole},
	Journal = {ILP-MLG-SRL},
	Title = {{Incremental EM for Latent-Class Relational Models}.},
	Year = {2009}}

@article{wang:bayesian,
	Author = {X. R. Wang, A. J. Brown and B. Upcroft},
	Journal = {IEEE},
	Title = {{Applying Incremental EM to Bayesian Classifiers in the Learning of Hyperspectral Remote Sensing Data}.},
	Year = {2005}}

@article{bietti:online,
	Author = {A. Bietti, F. Bach and A. Cont},
	Journal = {IEEE International Conference on Acoustics, Speech and Signal Processing},
	Title = {{An online EM algorithm in hidden (semi-)Markov models for audio segmentation and clustering}.},
	Year = {2015}}

@article{Li,
	Author = {L. Li, J. Ma},
	Journal = {Applied mathematics and computation},
	Title = {{A BYY scale-incremental EM algorithm for Gaussian mixture learning}.},
	Year = {2008}}

@book{mc:robert,
	Address = {Secaucus, NJ, USA},
	Author = {Robert, Christian P. and Casella, George},
	Isbn = {0387212396},
	Publisher = {Springer-Verlag New York, Inc.},
	Title = {Monte Carlo Statistical Methods (Springer Texts in Statistics)},
	Year = {2005}}

@article{comets,
	Author = {Comets, E. and Lavenu, A. and Lavielle, M.},
	Doi = {10.18637/jss.v080.i03},
	Hal_Id = {inserm-01502767},
	Hal_Version = {v1},
	Journal = {Journal of Statistical Software},
	Keywords = {S4 classes ; pharma- cokinetics ; Stochastic Approximation EM algorithm ; nonlinear mixed effect models ; orange tree ; theophylline ; pharmacodynamics},
	Note = {Conditionally accepted for publication on 2017-07-13Estimated delay in publication - one year (editor's communication, 2018-04-05)},
	Pdf = {http://www.hal.inserm.fr/inserm-01502767/file/jss2399_hal.pdf},
	Publisher = {University of California, Los Angeles},
	Title = {Parameter Estimation in Nonlinear Mixed Effect Models Using saemix, an R Implementation of the SAEM Algorithm},
	Year = {2017},
	Bdsk-Url-1 = {https://doi.org/10.18637/jss.v080.i03}}

@article{lange,
	Author = {K. Lange, D. R. Hunter, and I. Yang},
	Journal = {J. Comput. Graph. Statist.},
	Pages = {pp. 1--20.},
	Title = {{Optimization transfer using surrogate objective functions}.},
	Volume = {9},
	Year = {2000}}

@article{luo,
	Author = {Razaviyayn, M. and Sanjabi, M. and Luo, Z.},
	Journal = {CoRR},
	Title = {A Stochastic Successive Minimization Method for Nonsmooth Nonconvex Optimization with Applications to Transceiver Design in Wireless Communication Networks},
	Volume = {abs/1307.4457},
	Year = {2013}}

@article{beck:fista,
	Author = {A. Beck and M. Teboulle},
	Journal = {SIAM J. Imaging Sci},
	Pages = {pp. 183--202},
	Title = {{A fast iterative shrinkage-thresholding algorithm for linear inverse problems}.},
	Volume = {2},
	Year = {2009}}

@article{combettes,
	Author = {P. L. Combettes and V. R. Wajs},
	Journal = {Multiscale Model. Simul.},
	Pages = {pp. 1168--1200},
	Title = {{Signal recovery by proximal forward-backward splitting}.},
	Volume = {4},
	Year = {2005}}

@article{jordan,
	Author = {Wainwright, M. J. and Jordan, M. I.},
	Journal = {Found. Trends Mach. Learn.},
	Pages = {pp. 1--305},
	Title = {{Graphical models, exponential families, and variational inference}.},
	Volume = {1},
	Year = {2008}}

@article{ponce,
	Author = {J. Mairal, F. Bach, J. Ponce, and G. Sapiro},
	Journal = {J. Mach. Learn. Res.},
	Pages = {pp. 19-60},
	Title = {{Online learning for matrix factorization and sparse coding}.},
	Volume = {11},
	Year = {2010}}

@article{seeger,
	Author = {Seeger, M.W. and Wipf, D.P.},
	Journal = {IEEE Signal Proc. Mag.},
	Pages = {pp. 81--91},
	Title = {{Variational Bayesian inference techniques}.},
	Volume = {27},
	Year = {2010}}

@article{wainwright,
	Author = {Wainwright, M.J. and Jordan, M.I},
	Journal = {Found. Trends Mach. Learn.},
	Pages = {pp. 1--305},
	Title = {{Graphical models, exponential families, and variational inference}.},
	Volume = {1},
	Year = {2008}}

@article{nowozin,
	Author = {L. Mescheder, S. Nowozin and A. Geiger},
	Journal = {PMLR},
	Title = {{Adversarial Variational Bayes: Unifying Variational Autoencoders and Generative Adversarial Networks}.},
	Year = {2017}}

@article{ali,
	Author = {Ali, Syed Mumtaz and Silvey, Samuel D.},
	Journal = {Journal of the Royal Statistical Society},
	Pages = {pp. 131--142},
	Title = {{A general class of coefficients of divergence of one distribution from another}.},
	Year = {1966}}

@article{girolami,
	Author = {Girolami, M. and Calderhead, B.},
	Doi = {10.1111/j.1467-9868.2010.00765.x},
	Fjournal = {Journal of the Royal Statistical Society. Series B. Statistical Methodology},
	Issn = {1369-7412},
	Journal = {J. R. Stat. Soc. Ser. B Stat. Methodol.},
	Mrclass = {62F99 (62F15 62H11 65C05)},
	Mrnumber = {2814492},
	Note = {With discussion and a reply by the authors},
	Number = {2},
	Pages = {123--214},
	Title = {Riemann manifold {L}angevin and {H}amiltonian {M}onte {C}arlo methods},
	Url = {https://doi.org/10.1111/j.1467-9868.2010.00765.x},
	Volume = {73},
	Year = {2011},
	Bdsk-Url-1 = {https://doi.org/10.1111/j.1467-9868.2010.00765.x}}

@article{bardenet,
	Author = {R. Bardenet and B. K{\'e}gl},
	Title = {{Surrogating the surrogate: accelerating Gaussian-process-based global optimization with a mixture cross-entropy algorithm}.},
	Year = {2011}}

@phdthesis{thesis:gal,
	Author = {Gal, Y.},
	School = {University of Cambridge},
	Title = {Uncertainty in Deep Learning},
	Year = {2016}}

@article{hofman,
	Author = {Hoffman, M. D. and Blei, D.M. and Wang, C. and Paisley,J.W.},
	Journal = {Journal of Machine Learning Research},
	Number = {1},
	Pages = {1303--1347},
	Title = {Stochastic variational inference},
	Volume = {14},
	Year = {2013}}

@article{blei:bbvi,
	Author = {Ranganath, R. and Gerrish, S. and Blei, D.},
	Journal = {PMLR},
	Pages = {814--822},
	Title = {{Black Box Variational Inference}.},
	Volume = {33},
	Year = {2014}}

@article{neal:bnn,
	Author = {R. M. Neal},
	Journal = {Springer Science \& Business Media},
	Title = {{Bayesian learning for neural networks}.},
	Volume = {118},
	Year = {2012}}

@inproceedings{mckay,
	Author = {MacKay, D.J.C.},
	Booktitle = {Nuclear Instruments and Methods in Physics Research, A},
	Pages = {73--80},
	Title = {Bayesian Neural Networks and Density Networks},
	Year = {1994}}

@inproceedings{blundell,
	Acmid = {3045290},
	Author = {Blundell, C. and Cornebise, J. and Kavukcuoglu, K. and Wierstra, D.},
	Booktitle = {Proceedings of the 32Nd International Conference on International Conference on Machine Learning - Volume 37},
	Location = {Lille, France},
	Numpages = {10},
	Pages = {1613--1622},
	Publisher = {JMLR.org},
	Series = {ICML'15},
	Title = {Weight Uncertainty in Neural Networks},
	Year = {2015}}

@article{ghahramani2015probabilistic,
	Author = {Ghahramani, Zoubin},
	Journal = {Nature},
	Number = {7553},
	Pages = {452},
	Publisher = {Nature Publishing Group},
	Title = {Probabilistic machine learning and artificial intelligence},
	Volume = {521},
	Year = {2015}}

@article{book:deeplearning,
	Author = {I. Goodfellow and Y. Bengio and A. Courville},
	Date-Modified = {2019-04-28 23:56:30 +0800},
	Journal = {MIT Press},
	Title = {{Deep learning book}},
	Year = {2016}}

@article{trippe,
	Author = {B. Trippe, R. Turner},
	Title = {{Overpruning in Variational Bayesian Neural Networks}.},
	Year = {2018}}

@article{pawlowski,
	Author = {Pawlowski, N. and Jaques, M. and Glocker, B.},
	Title = {{Efficient variational Bayesian neural network ensembles for outlier detection}.},
	Year = {2017}}

@article{gal,
	Author = {Y. Li, Y. Gal},
	Title = {{Dropout Inference in Bayesian Neural Networks with Alpha-divergences}.},
	Year = {2017}}

@article{mullachery,
	Archiveprefix = {arXiv},
	Author = {Mullachery, V. and Khera, A. and Husain, A.},
	Eprint = {1801.07710},
	Journal = {CoRR},
	Timestamp = {Fri, 02 Feb 2018 14:20:25 +0100},
	Title = {Bayesian Neural Networks},
	Volume = {abs/1801.07710},
	Year = {2018}}

@article{polson,
	Author = {N.G. Polson and V.O. Sokolov},
	Title = {{Deep Learning: A Bayesian Perspective}.},
	Year = {2017}}

@article{rezende,
	Author = {D. J. Rezende, S. Mohamed and D. Wierstra},
	Title = {{Stochastic backpropagation and approximate inference in deep generative models}.},
	Year = {2014}}

@article{lecun,
	Added-At = {2010-06-28T21:16:30.000+0200},
	Author = {LeCun, Y. and Cortes, C.},
	Biburl = {https://www.bibsonomy.org/bibtex/2935bad99fa1f65e03c25b315aa3c1032/mhwombat},
	Groups = {public},
	Keywords = {MSc _checked character_recognition mnist network neural},
	Lastchecked = {2016-01-14 14:24:11},
	Title = {{MNIST} handwritten digit database},
	Year = 2010}

@article{kingma,
	Added-At = {2014-01-06T00:00:00.000+0100},
	Author = {Kingma, D.P. and Welling, M.},
	Journal = {CoRR},
	Keywords = {dblp},
	Timestamp = {2014-01-07T11:34:31.000+0100},
	Title = {Auto-Encoding Variational Bayes.},
	Volume = {abs/1312.6114},
	Year = 2013}

@inproceedings{paisley2013,
	Added-At = {2013-01-25T00:00:00.000+0100},
	Author = {Paisley, J.W. and Blei, D.M. and Jordan, M.I.},
	Booktitle = {ICML},
	Date-Modified = {2019-04-28 23:55:10 +0800},
	Keywords = {dblp},
	Publisher = {icml.cc / Omnipress},
	Title = {Variational Bayesian Inference with Stochastic Search.},
	Year = 2012}

@article{beal,
	Author = {M. J. Beal and Z. Ghahramani},
	Title = {The Variational Bayesian EM Algorithm for Incomplete Data: with Application to Scoring Graphical Model Structures},
	Year = {2003}}

@article{lecunapp,
	Author = {Yann LeCun and Yoshua Bengio and Geoffrey E. Hinton},
	Journal = {Nature},
	Number = {7553},
	Pages = {436--444},
	Title = {Deep learning},
	Volume = {521},
	Year = {2015}}

@article{arulkumaran,
	Author = {K. Arulkumaran, M.P. Deisenroth, M. Brundage and A.A. Bharath},
	Title = {A brief survey of deep reinforcement learning},
	Year = {2017}}

@misc{schmidhuber,
	Added-At = {2016-11-14T16:29:04.000+0100},
	Author = {Schmidhuber, Juergen},
	Description = {[1404.7828] Deep Learning in Neural Networks: An Overview},
	Note = {cite arxiv:1404.7828Comment: 88 pages, 888 references},
	Timestamp = {2016-11-14T16:29:04.000+0100},
	Title = {Deep Learning in Neural Networks: An Overview},
	Year = 2014}

@article{bottou2018optimization,
	Author = {Bottou, L{\'e}on and Curtis, Frank E and Nocedal, Jorge},
	Journal = {Siam Review},
	Number = {2},
	Pages = {223--311},
	Publisher = {SIAM},
	Title = {Optimization methods for large-scale machine learning},
	Volume = {60},
	Year = {2018}}

@article{goyal,
	Author = {Priya Goyal and Piotr Doll{\'{a}}r and Ross B. Girshick and Pieter Noordhuis and Lukasz Wesolowski and Aapo Kyrola and Andrew Tulloch and Yangqing Jia and Kaiming He},
	Journal = {CoRR},
	Title = {Accurate, Large Minibatch {SGD:} Training ImageNet in 1 Hour},
	Volume = {abs/1706.02677},
	Year = {2017}}

@article{adabatch,
	Author = {Aditya Devarakonda and Maxim Naumov and Michael Garland},
	Journal = {CoRR},
	Title = {AdaBatch: Adaptive Batch Sizes for Training Deep Neural Networks},
	Volume = {abs/1712.02029},
	Year = {2017}}

@article{masters,
	Author = {D. Masters and C. Luschi},
	Title = {Revisiting small batch training for deep neural networks},
	Year = {2018}}

@article{wang2017F,
	Author = {Yixin Wang and David M. Blei},
	Journal = {CoRR},
	Title = {Frequentist Consistency of Variational Bayes},
	Volume = {abs/1705.03439},
	Year = {2017}}

@article{blei2018V,
	Author = {Blei, D.M. and Kucukelbir, A and McAuliffe, J.D.},
	Journal = {CoRR},
	Title = {Variational Inference: {A} Review for Statisticians},
	Volume = {abs/1601.00670},
	Year = {2018}}

@article{boyd,
	Author = {Parikh, N. and Boyd, S.P.},
	Journal = {Foundations and Trends in Optimization},
	Number = {3},
	Pages = {127--239},
	Title = {Proximal Algorithms},
	Volume = {1},
	Year = {2014}}

@article{robbins1951A,
	Added-At = {2008-10-07T16:03:39.000+0200},
	Author = {Robbins, H. and Monro, S.},
	Journal = {Annals of Mathematical Statistics},
	Keywords = {imported},
	Pages = {400-407},
	Timestamp = {2008-10-07T16:03:40.000+0200},
	Title = {A stochastic approximation method},
	Volume = 22,
	Year = 1951}

@article{blei2003latent,
	Added-At = {2012-11-22T12:45:35.000+0100},
	Author = {Blei, D.M. and Ng, A.Y. and Jordan, M.I.},
	Journal = {the Journal of machine Learning research},
	Keywords = {allocation archived dirichlet f:archived f:details latent notes},
	Pages = {993--1022},
	Publisher = {JMLR. org},
	Timestamp = {2012-11-23T14:18:54.000+0100},
	Title = {Latent dirichlet allocation},
	Volume = 3,
	Year = 2003}

@article{kingma:adam,
	Added-At = {2015-01-01T00:00:00.000+0100},
	Author = {Kingma, D.P. and Ba, J.},
	Journal = {CoRR},
	Keywords = {dblp},
	Timestamp = {2015-06-18T04:22:29.000+0200},
	Title = {Adam: A Method for Stochastic Optimization.},
	Volume = {abs/1412.6980},
	Year = 2014}

@inproceedings{sutskever,
	Added-At = {2013-11-19T00:00:00.000+0100},
	Author = {Sutskever, I. and Martens, J. and Dahl, G. E. and Hinton, G.E.},
	Keywords = {dblp},
	Pages = {1139-1147},
	Publisher = {JMLR.org},
	Series = {JMLR Workshop and Conference Proceedings},
	Timestamp = {2016-07-13T11:42:57.000+0200},
	Title = {On the importance of initialization and momentum in deep learning.},
	Volume = 28,
	Year = 2013}

@article{kiefer1952,
	Author = {Kiefer, J. and Wolfowitz, J.},
	Doi = {10.1214/aoms/1177729392},
	Fjournal = {The Annals of Mathematical Statistics},
	Journal = {Ann. Math. Statist.},
	Month = {09},
	Number = {3},
	Pages = {462--466},
	Publisher = {The Institute of Mathematical Statistics},
	Title = {Stochastic Estimation of the Maximum of a Regression Function},
	Volume = {23},
	Year = {1952},
	Bdsk-Url-1 = {https://doi.org/10.1214/aoms/1177729392}}

@book{nesterovconvex,
	Author = {Nesterov, Y.},
	Edition = {1},
	Isbn = {1461346916, 9781461346913},
	Publisher = {Springer Publishing Company, Incorporated},
	Title = {Introductory Lectures on Convex Optimization: A Basic Course},
	Year = {2014}}

@inproceedings{defreitas2001V,
	Acmid = {2074038},
	Address = {San Francisco, CA, USA},
	Author = {de Freitas, N. and H{\o}jen-S{\o}rensen, P. and Jordan, M.I and Russell, S.},
	Booktitle = {Proceedings of the Seventeenth Conference on Uncertainty in Artificial Intelligence},
	Isbn = {1-55860-800-1},
	Location = {Seattle, Washington},
	Numpages = {8},
	Pages = {120--127},
	Publisher = {Morgan Kaufmann Publishers Inc.},
	Series = {UAI'01},
	Title = {Variational MCMC},
	Year = {2001}}

@inproceedings{mairal13S,
	Author = {Julien Mairal},
	Booktitle = {{NIPS}},
	Pages = {2283--2291},
	Title = {Stochastic Majorization-Minimization Algorithms for Large-Scale Optimization},
	Year = {2013}}

@article{beck2013B,
	Added-At = {2014-01-06T00:00:00.000+0100},
	Author = {Beck, A. and Tetruashvili, L.},
	Journal = {SIAM Journal on Optimization},
	Keywords = {dblp},
	Number = 4,
	Pages = {2037-2060},
	Timestamp = {2014-01-07T11:32:40.000+0100},
	Title = {On the Convergence of Block Coordinate Descent Type Methods.},
	Volume = 23,
	Year = 2013}

@article{razaviyayn2013,
	Added-At = {2013-07-16T00:00:00.000+0200},
	Author = {Razaviyayn, M. and Hong, M. and Luo, Z.Q.},
	Journal = {SIAM Journal on Optimization},
	Keywords = {dblp},
	Number = 2,
	Pages = {1126-1153},
	Timestamp = {2013-08-13T12:50:02.000+0200},
	Title = {A Unified Convergence Analysis of Block Successive Minimization Methods for Nonsmooth Optimization.},
	Volume = 23,
	Year = 2013}

@inproceedings{bietti17S,
	Author = {Alberto Bietti and Julien Mairal},
	Booktitle = {{NIPS}},
	Pages = {1622--1632},
	Title = {Stochastic Optimization with Variance Reduction for Infinite Datasets with Finite Sum Structure},
	Year = {2017}}

@incollection{bottou2008,
	Author = {Bottou, L\'{e}on and Bousquet, Olivier},
	Booktitle = {Advances in Neural Information Processing Systems 20},
	Editor = {J. C. Platt and D. Koller and Y. Singer and S. T. Roweis},
	Pages = {161--168},
	Publisher = {Curran Associates, Inc.},
	Title = {The Tradeoffs of Large Scale Learning},
	Year = {2008}}

@misc{tensorflow2015-whitepaper,
	Author = {Abadi, M. and Agarwal, A. and Barham, P. and Brevdo, E. and Chen, Z. and Citro, C. and Corrado, G.S. and Davis, A. and Dean, J. and Devin, M. and Ghemawat, S. and Goodfellow, I. and Harp, A. and Irving, G. and Isard, M. and Jia, Y. and Jozefowicz, R. and Kaiser, L. and Kudlur, M. and Levenberg, J. and Man\'{e}, D. and Monga, R. and Moore, S. and Murray, D. and Olah, C. and Schuster, M and Shlens, J and Steiner, B and Sutskever, I. and Talwar, K. and Tucker, P. and Vanhoucke, V. and Vasudevan, V. and Vi\'{e}gas, F. and Vinyals, O. and Warden, P. and Wattenberg, M. and Wicke, M. and Yu, Y. and Zheng, X.},
	Note = {Software available from tensorflow.org},
	Title = {{TensorFlow}: Large-Scale Machine Learning on Heterogeneous Systems},
	Url = {https://www.tensorflow.org/},
	Year = {2015},
	Bdsk-Url-1 = {https://www.tensorflow.org/}}

@article{kucukelbir,
	Acmid = {3122023},
	Author = {Kucukelbir, A. and Tran, D. and Ranganath, R. and Gelman, A. and Blei, D. M.},
	Issn = {1532-4435},
	Issue_Date = {January 2017},
	Journal = {J. Mach. Learn. Res.},
	Keywords = {Bayesian inference, approximate inference, probabilistic programming},
	Month = jan,
	Number = {1},
	Numpages = {45},
	Pages = {430--474},
	Publisher = {JMLR.org},
	Title = {Automatic Differentiation Variational Inference},
	Volume = {18},
	Year = {2017}}

@inproceedings{titsias,
	Address = {Bejing, China},
	Author = {Titsias, M. and L{\'a}zaro-Gredilla, M.},
	Booktitle = {Proceedings of the 31st International Conference on Machine Learning},
	Editor = {Eric P. Xing and Tony Jebara},
	Month = {22--24 Jun},
	Number = {2},
	Pages = {1971--1979},
	Pdf = {http://proceedings.mlr.press/v32/titsias14.pdf},
	Publisher = {PMLR},
	Series = {Proceedings of Machine Learning Research},
	Title = {Doubly Stochastic Variational Bayes for non-Conjugate Inference},
	Volume = {32},
	Year = {2014}}

@inbook{keener2010,
	Address = {New York, NY},
	Author = {Keener, R.W.},
	Booktitle = {Theoretical Statistics: Topics for a Core Course},
	Date-Modified = {2019-05-04 20:59:20 +0800},
	Isbn = {978-0-387-93839-4},
	Pages = {85--99},
	Publisher = {Springer New York},
	Title = {Curved Exponential Families},
	Year = {2010},
	Bdsk-Url-1 = {https://doi.org/10.1007/978-0-387-93839-4_5}}

@misc{tran2016edward,
	Added-At = {2017-01-20T15:41:01.000+0100},
	Author = {Tran, D. and Kucukelbir, A. and Dieng, A.B. and Rudolph, M. and Liang, D. and Blei, D.M.},
	Note = {cite arxiv:1610.09787},
	Timestamp = {2017-05-22T07:48:08.000+0200},
	Title = {Edward: A library for probabilistic modeling, inference, and criticism},
	Year = 2016}

@article{jiang2018logistic,
  title={Logistic Regression with Missing Covariates--Parameter Estimation, Model Selection and Prediction},
  author={Jiang, Wei and Josse, Julie and Lavielle, Marc},
  year={2018}
}

@article{Gal2015Bayesian,
Author = {Yarin Gal and Zoubin Ghahramani},
Title = {Bayesian Convolutional Neural Networks with {B}ernoulli Approximate Variational Inference},
Year = {2015},
Journal = {arXiv:1506.02158},
}


@article{lecun1998gradient,
  title={Gradient-based learning applied to document recognition},
  author={LeCun, Yann and Bottou, L{\'e}on and Bengio, Yoshua and Haffner, Patrick and others},
  journal={Proceedings of the IEEE},
  volume={86},
  number={11},
  pages={2278--2324},
  year={1998},
  publisher={Taipei, Taiwan}
}

@article{lecun1998mnist,
  title={The MNIST database of handwritten digits},
  author={LeCun, Yann},
  journal={http://yann. lecun. com/exdb/mnist/},
  year={1998}
}

@article{roberts1997weak,
  title={Weak convergence and optimal scaling of random walk Metropolis algorithms},
  author={Roberts, Gareth O and Gelman, Andrew and Gilks, Walter R and others},
  journal={The annals of applied probability},
  volume={7},
  number={1},
  pages={110--120},
  year={1997},
  publisher={Institute of Mathematical Statistics}
}